@inproceedings{palen:ict,
 author = {Palen, Leysia and Liu, Sophia B.},
 title = {Citizen communications in crisis: anticipating a future of {ICT}-supported public participation},
 booktitle = {Proceedings of the SIGCHI conference on Human factors in computing systems},
 series = {CHI '07},
 year = {2007},
 isbn = {978-1-59593-593-9},
 location = {San Jose, California, USA},
 pages = {727--736},
 numpages = {10},
 url = {http://doi.acm.org/10.1145/1240624.1240736},
 doi = {10.1145/1240624.1240736},
 acmid = {1240736},
 publisher = {ACM},
 address = {New York, NY, USA},
 keywords = {NIMS, crises, crisis, disasters, extreme events, grassroots, peer to peer, policy, volunteerism},
}

@inproceedings{starbird:voluntweeters,
 author = {Starbird, Kate and Palen, Leysia},
 title = {Voluntweeters: self-organizing by digital volunteers in times of crisis},
 booktitle = {Proceedings of the 2011 annual conference on Human factors in computing systems},
 series = {CHI '11},
 year = {2011},
 isbn = {978-1-4503-0228-9},
 location = {Vancouver, BC, Canada},
 pages = {1071--1080},
 numpages = {10},
 url = {http://doi.acm.org/10.1145/1978942.1979102},
 doi = {10.1145/1978942.1979102},
 acmid = {1979102},
 publisher = {ACM},
 address = {New York, NY, USA},
 keywords = {computer-mediated communication, crisis informatics, crowdsourcing, disaster, emergency, microblogging, organizing, risk communication, self-organizing, volunteers},
}

@inproceedings{starbird:ttt,
 author = {Starbird, Kate and Stamberger, Jeannie},
 title = {Tweak the Tweet: Leveraging Microblogging Proliferation with a Prescriptive Grammar to Support Citizen Reporting},
 booktitle = {Proceedings of the 2010 Information Systems for Crisis Response and Management Conference},
 series = {ISCRAM 2010},
 year = {2010},
 address = {Seattle, WA, USA}
}

@inproceedings{palen:vision,
 author = {Palen, Leysia and Anderson, Kenneth M. and Mark, Gloria and Martin, James and Sicker, Douglas and Palmer, Martha and Grunwald, Dirk},
 title = {A vision for technology-mediated support for public participation \& assistance in mass emergencies \& disasters},
 booktitle = {Proceedings of the 2010 ACM-BCS Visions of Computer Science Conference},
 series = {ACM-BCS '10},
 year = {2010},
 isbn = {978-1-4503-0192-3},
 location = {Edinburgh, United Kingdom},
 pages = {8:1--8:12},
 articleno = {8},
 numpages = {12},
 url = {http://dl.acm.org/citation.cfm?id=1811182.1811194},
 acmid = {1811194},
 publisher = {British Computer Society},
 address = {Swinton, UK, UK},
 keywords = {crisis informatics, disasters, emergency management, natural hazards, social computing, social-technical systems, technology-mediated social participation, visions of computer science},
}

@article{licklider:symbiosis,
 author = {Licklider, J. C. R.},
 title = {Man-Computer Symbiosis},
 journal = {IEEE Ann. Hist. Comput.},
 issue_date = {January 1992},
 volume = {14},
 number = {1},
 month = jan,
 year = {1992},
 issn = {1058-6180},
 url = {http://dl.acm.org/citation.cfm?id=612400.612433},
 acmid = {612433},
 publisher = {IEEE Educational Activities Department},
 address = {Piscataway, NJ, USA},
} 

@misc{fritz:convergence,
 author = {Fritz, C. E. and Mathewson, J. H.},
 title = {Convergence Behavior in Disasters: A Problem in Social Control},
 howpublished = {Committee on Disaster Studies, National Academy of Sciences, National Research Council, Washington DC},
 year = {1957}
 }
 
@misc{palen:proposal,
 author = {Palen, Leysia},
 title = {DataScouts: Citizens as Information Gathers for Crisis Event Reconnaissance Activities}
 howpublished = {Unpublished proposal},
 year = {2011}
}

@inproceedings{starbird:doctoral,
 author = {Starbird, Kate},
 title = {Crowd computation: organizing information during mass disruption events},
 booktitle = {Proceedings of the ACM 2012 conference on Computer Supported Cooperative Work Companion},
 series = {CSCW '12},
 year = {2012},
 isbn = {978-1-4503-1051-2},
 location = {Seattle, Washington, USA},
 pages = {339--342},
 numpages = {4},
 url = {http://doi.acm.org/10.1145/2141512.2141615},
 doi = {10.1145/2141512.2141615},
 acmid = {2141615},
 publisher = {ACM},
 address = {New York, NY, USA},
 keywords = {collective intelligence, crisis informatics, crowdsourcing, distributed cognition, social media},
}


@article{lowe:petloss,
 author = {Lowe, S.R. and Rhodes, J. and Zweibach, L. and Chan, C.},
 title = {The Impact of Pet Loss on the Perceived Social Support and Psychological Distress of Hurricane Survivors},
 journal = {Journal of Traumatic Stress},
 year = {2009},
 volume = {22},
 number = {3},
 pages = {244-247}
 }

@article{mcnabb:courts,
 author = {McNabb, Megan},
 title = {Pets in the Eye of the Storm: Hurricane {K}atrina Floods the Courts with Pet Custody Disputes},
 journal = {Animal Law},
 volume = {14},
 number = {71},
 year = {2007}
 }
 
@article{maes:agents,
 author = {Maes, Pattie},
 title = {Agents that reduce work and information overload},
 journal = {Commun. ACM},
 issue_date = {July 1994},
 volume = {37},
 number = {7},
 month = jul,
 year = {1994},
 issn = {0001-0782},
 pages = {30--40},
 numpages = {11},
 url = {http://doi.acm.org/10.1145/176789.176792},
 doi = {10.1145/176789.176792},
 acmid = {176792},
 publisher = {ACM},
 address = {New York, NY, USA},
}

@inproceedings{franklin:taxonomy,
 author = {Franklin, Stan and Graesser, Art},
 title = {Is it an Agent, or Just a Program?: A Taxonomy for Autonomous Agents},
 booktitle = {Proceedings of the Workshop on Intelligent Agents III, Agent Theories, Architectures, and Languages},
 series = {ECAI '96},
 year = {1997},
 isbn = {3-540-62507-0},
 pages = {21--35},
 numpages = {15},
 url = {http://dl.acm.org/citation.cfm?id=648203.749270},
 acmid = {749270},
 publisher = {Springer-Verlag},
 address = {London, UK, UK},
} 

@inproceedings{lieberman:agents,
 author = {Lieberman, Henry},
 title = {Autonomous interface agents},
 booktitle = {Proceedings of the SIGCHI conference on Human factors in computing systems},
 series = {CHI '97},
 year = {1997},
 isbn = {0-89791-802-9},
 location = {Atlanta, Georgia, United States},
 pages = {67--74},
 numpages = {8},
 url = {http://doi.acm.org/10.1145/258549.258592},
 doi = {10.1145/258549.258592},
 acmid = {258592},
 publisher = {ACM},
 address = {New York, NY, USA},
 keywords = {Web, agents, autonomous agents, browsing, interface agents, learning, search},
}

@inproceedings{corvey:nlp,
 author = {Corvey, William J. and Vieweg, Sarah and Rood, Travis and Palmer, Martha},
 title = {Twitter in mass emergency: what {NLP} techniques can contribute},
 booktitle = {Proceedings of the NAACL HLT 2010 Workshop on Computational Linguistics in a World of Social Media},
 series = {WSA '10},
 year = {2010},
 location = {Los Angeles, California},
 pages = {23--24},
 numpages = {2},
 url = {http://dl.acm.org/citation.cfm?id=1860667.1860679},
 acmid = {1860679},
 publisher = {Association for Computational Linguistics},
 address = {Stroudsburg, PA, USA},
} 

@article{verma:nlp,
 author = {Verma, Sudha and Vieweg, Sarah and Corvey, Will and Palen, Leysia and Martin, Jim and Palmer, Martha and Schram, Aaron and Anderson, Kenneth M.},
 title = {Natural Language Processing to the Rescue? {E}xtracting ``{S}ituational {A}wareness'' Tweets During Mass Emergency},
 journal = {In the Fifth International AAAI Conference on Weblogs and Social Media},
 year = {2011},
 
 }

@inproceedings{sdc,
 author = {Barrenechea, Mario and Barron, Joshua and White, Joanne},
 title = {No {P}lace {L}ike {H}ome: Pet-to-Family Reunification After Disaster},
 booktitle = {Proceedings of the 2012 annual conference extended abstracts on Human factors in computing systems (to appear)},
 series = {CHI EA '12},
 year = {2012},
 isbn = {978-1-4503-1016-1/12/05},
 location = {Austin, TX, USA},
 numpages = {6},
 publisher = {ACM},
 address = {New York, NY, USA},
 keywords = {crisis informatics, digital volunteerism, disaster, pet reunification},
}

@book{fowler:patterns,
 author = {Fowler, Martin},
 title = {Patterns of Enterprise Application Architecture},
 year = {2002},
 isbn = {0321127420},
 publisher = {Addison-Wesley Longman Publishing Co., Inc.},
 address = {Boston, MA, USA},
}

@article{scikit-learn,
 title={{Scikit-learn: Machine Learning in Python }},
 author={Pedregosa, F. and Varoquaux, G. and Gramfort, A. and Michel, V.
         and Thirion, B. and Grisel, O. and Blondel, M. and Prettenhofer, P.
         and Weiss, R. and Dubourg, V. and Vanderplas, J. and Passos, A. and
         Cournapeau, D. and Brucher, M. and Perrot, M. and Duchesnay E.},
 journal={Journal of Machine Learning Research},
 volume={12},
 pages={2825--2830},
 year={2011}
}

@inproceedings{macskassy:text,
 author = {Macskassy, Sofus A. and Hirsh, Haym and Banerjee, Arunava and Dayanik, Aynur A.},
 title = {Using text classifiers for numerical classification},
 booktitle = {Proceedings of the 17th international joint conference on Artificial intelligence - Volume 2},
 series = {IJCAI'01},
 year = {2001},
 isbn = {1-55860-812-5, 978-1-558-60812-2},
 location = {Seattle, WA, USA},
 pages = {885--890},
 numpages = {6},
 url = {http://dl.acm.org/citation.cfm?id=1642194.1642212},
 acmid = {1642212},
 publisher = {Morgan Kaufmann Publishers Inc.},
 address = {San Francisco, CA, USA},
} 

@book{jurafsky:nlp,
 author = {Jurafsky, Daniel and Martin, James H.},
 title = {Speech and Language Processing (2nd Edition)},
 year = {2009},
 isbn = {0131873210},
 publisher = {Prentice-Hall, Inc.},
 address = {Upper Saddle River, NJ, USA},
}

@book{manning:ir,
 author = {Manning, Christopher D. and Raghavan, Prabhakar and Schtze, Hinrich},
 title = {Introduction to Information Retrieval},
 year = {2008},
 isbn = {0521865719, 9780521865715},
 publisher = {Cambridge University Press},
 address = {New York, NY, USA},
} 

@article{sebastiani:ml,
 author = {Sebastiani, Fabrizio},
 title = {Machine learning in automated text categorization},
 journal = {ACM Comput. Surv.},
 issue_date = {March 2002},
 volume = {34},
 number = {1},
 month = mar,
 year = {2002},
 issn = {0360-0300},
 pages = {1--47},
 numpages = {47},
 url = {http://doi.acm.org/10.1145/505282.505283},
 doi = {10.1145/505282.505283},
 acmid = {505283},
 publisher = {ACM},
 address = {New York, NY, USA},
 keywords = {Machine learning, text categorization, text classification},
}